<record><leader>00000cas a22000007a 4500</leader><controlfield tag="001">15869253</controlfield><controlfield tag="008">870609c19uu9999inuwr ne      0    0eng d</controlfield><datafield ind1=" " ind2=" " tag="010"><subfield code="a">sn 87055497 </subfield></datafield><datafield ind1=" " ind2=" " tag="040"><subfield code="a">NPI</subfield><subfield code="b">eng</subfield><subfield code="c">NPI</subfield><subfield code="d">OCLCQ</subfield></datafield><datafield ind1=" " ind2=" " tag="042"><subfield code="a">msc</subfield></datafield><datafield ind1="0" ind2="0" tag="245"><subfield code="a">Spirit shopping guide.</subfield></datafield><datafield ind1="1" ind2="7" tag="246"><subfield code="a">Indiana spirit shopping guide</subfield></datafield><datafield ind1=" " ind2=" " tag="260"><subfield code="a">Kentland, Ind. :</subfield><subfield code="b">[Times-Spirit]</subfield></datafield><datafield ind1=" " ind2=" " tag="310"><subfield code="a">Weekly</subfield></datafield><datafield ind1=" " ind2=" " tag="500"><subfield code="a">Serving Newton and Benton counties.</subfield></datafield><datafield ind1=" " ind2=" " tag="588"><subfield code="a">Description based on: Vol. 22, no. 7 (Feb. 17, 1987).</subfield></datafield><datafield ind1=" " ind2=" " tag="752"><subfield code="a">United States</subfield><subfield code="b">Indiana</subfield><subfield code="c">Newton</subfield><subfield code="d">Kentland.</subfield></datafield><datafield ind1=" " ind2=" " tag="752"><subfield code="a">United States</subfield><subfield code="b">Indiana</subfield><subfield code="c">Benton.</subfield></datafield></record>